@ONLINE {VisCNN,
    author = "Andrej Karpathy",
    title  = "Visualizing what ConvNets learn",
    url    = "http://cs231n.github.io/understanding-cnn/"
}

@INPROCEEDINGS {VGG,
    author    = "Simonyan, K. and Zisserman, A.",
    title     = "Very deep convolutional networks for large-scale image recognition",
    booktitle = "Int. Conf. Learn. Representations",
    year      = "2015"
}

@INPROCEEDINGS {IMAGENET,
    author    = "Krizhevsky, Alex and Sutskever, Ilya and Hinton, Geoffrey E",
    title     = "Imagenet classification with deep convolutional neural networks",
    booktitle = "Advances in neural information processing systems",
    year      = "2012"
}

% ALX: Use online editor: http://truben.no/latex/bibtex/
